@BOOK{Smith:2023qr,
	title = {{B}ook {T}itle},
	publisher = {Publisher},
	author = {Smith, J.~M. and Jones, A.~B.},
	year = {2023},
	edition = {7th},
}

@ARTICLE{Smith:2024jd,
	author = {Jones, A.~B. and Smith, J.~M.},
	title = {{A}rticle {T}itle},
	journal = {Journal title},
	year = {2024},
	volume = {13},
	pages = {123-456},
	number = {52},
	month = {3},
	publisher = {Publisher},
	doi = {10.1038/s41586-021-03616-x},
}

@inproceedings{Biggs:2018,
	author = {Biggs, Simon and Lee, Damon and Heiser, Gernot},
	title = {{T}he {J}ury {I}s {I}n: {M}onolithic {OS} {D}esign {I}s {F}lawed},
	booktitle = {Asia-Pacific Workshop on Systems (APSys)},
	year = {2018},
	month = {8},
	address = {Korea},
	publisher = {ACM SIGOPS},
	url = {https://ts.data61.csiro.au/publications/csiro_full_text//Biggs_LH_18.pdf},
}

@techreport{Heiser:2020,
	author = {Heiser, Gernot},
	title = {{T}he {S}e{L}4 {M}icrokernel: {A}n {I}ntroduction},
	year = {2020},
	month = {6},
	number = {1.2},
	url = {https://sel4.systems/About/seL4-whitepaper.pdf},
}

@misc{gem5,
	author = {GEM5},
	title = {{G}em5 {S}imulator},
	howpublished = {\url{https://www.gem5.org/}},
	year = {2019},
}

@misc{
	Heiser:2016,
	title = {{L}4 {M}icrokernels: {T}he {L}essons from 20 {Y}ears of {R}esearch and {D}eployment},
	author = {Heiser, Gernot and Elphinstone, Kevin},
	howpublished = {NICTA and UNSW, Sydney, Australia},
	year = {2016},
	url = {https://trustworthy.systems/publications/nicta_full_text/8988.pdf},
}

@inproceedings{Liedtke:1995,
	author = {Liedtke, Jochen},
	title = {{O}n $\mu$-kernel {C}onstruction},
	booktitle = {Proceedings of the 15th ACM Symposium on Operating Systems Principles},
	year = {1995},
	month = {10},
	pages = {237-250},
	address = {Copper Mountain, CO, US},
	publisher = {ACM},
	doi = {10.1145/224057.224075},
}
